%YAML 1.1
%TAG !u! tag:unity3d.com,2011:
--- !u!1 &7332193035234981013
GameObject:
  m_ObjectHideFlags: 0
  m_CorrespondingSourceObject: {fileID: 0}
  m_PrefabInstance: {fileID: 0}
  m_PrefabAsset: {fileID: 0}
  serializedVersion: 6
  m_Component:
  - component: {fileID: 7332193035234981012}
  m_Layer: 0
  m_Name: MinispielCanvas
  m_TagString: Untagged
  m_Icon: {fileID: 0}
  m_NavMeshLayer: 0
  m_StaticEditorFlags: 0
  m_IsActive: 1
--- !u!4 &7332193035234981012
Transform:
  m_ObjectHideFlags: 0
  m_CorrespondingSourceObject: {fileID: 0}
  m_PrefabInstance: {fileID: 0}
  m_PrefabAsset: {fileID: 0}
  m_GameObject: {fileID: 7332193035234981013}
  m_LocalRotation: {x: 0, y: 0, z: 0, w: 1}
  m_LocalPosition: {x: 1001.7025, y: -389.62885, z: -47.56753}
  m_LocalScale: {x: 1, y: 1, z: 1}
  m_Children:
  - {fileID: 4962238282795714988}
  - {fileID: 597985032853673319}
  - {fileID: 9082646440431293046}
  - {fileID: 8282352807587455049}
  m_Father: {fileID: 0}
  m_RootOrder: 0
  m_LocalEulerAnglesHint: {x: 0, y: 0, z: 0}
--- !u!1001 &7332193034053220614
PrefabInstance:
  m_ObjectHideFlags: 0
  serializedVersion: 2
  m_Modification:
    m_TransformParent: {fileID: 7332193035234981012}
    m_Modifications:
    - target: {fileID: 553573122, guid: 1e27fd6df7e1b36478b40b9f5cebfb81, type: 3}
      propertyPath: toEnable.Array.data[0]
      value: 
      objectReference: {fileID: 597985032853673339}
    - target: {fileID: 1321501845, guid: 1e27fd6df7e1b36478b40b9f5cebfb81, type: 3}
      propertyPath: m_IsActive
      value: 0
      objectReference: {fileID: 0}
    - target: {fileID: 1321501847, guid: 1e27fd6df7e1b36478b40b9f5cebfb81, type: 3}
      propertyPath: sceneName
      value: Title_Screen_Minispiel
      objectReference: {fileID: 0}
    - target: {fileID: 1321501848, guid: 1e27fd6df7e1b36478b40b9f5cebfb81, type: 3}
      propertyPath: m_Colors.m_SelectedColor.b
      value: 0.4862745
      objectReference: {fileID: 0}
    - target: {fileID: 1321501848, guid: 1e27fd6df7e1b36478b40b9f5cebfb81, type: 3}
      propertyPath: m_Colors.m_SelectedColor.g
      value: 0.9372549
      objectReference: {fileID: 0}
    - target: {fileID: 1321501848, guid: 1e27fd6df7e1b36478b40b9f5cebfb81, type: 3}
      propertyPath: m_Colors.m_SelectedColor.r
      value: 0.98039216
      objectReference: {fileID: 0}
    - target: {fileID: 1522657055, guid: 1e27fd6df7e1b36478b40b9f5cebfb81, type: 3}
      propertyPath: m_RootOrder
      value: 6
      objectReference: {fileID: 0}
    - target: {fileID: 2041921753, guid: 1e27fd6df7e1b36478b40b9f5cebfb81, type: 3}
      propertyPath: m_IsActive
      value: 0
      objectReference: {fileID: 0}
    - target: {fileID: 2041921756, guid: 1e27fd6df7e1b36478b40b9f5cebfb81, type: 3}
      propertyPath: m_Colors.m_SelectedColor.b
      value: 0.4862745
      objectReference: {fileID: 0}
    - target: {fileID: 2041921756, guid: 1e27fd6df7e1b36478b40b9f5cebfb81, type: 3}
      propertyPath: m_Colors.m_SelectedColor.g
      value: 0.9372549
      objectReference: {fileID: 0}
    - target: {fileID: 2041921756, guid: 1e27fd6df7e1b36478b40b9f5cebfb81, type: 3}
      propertyPath: m_Colors.m_SelectedColor.r
      value: 0.98039216
      objectReference: {fileID: 0}
    - target: {fileID: 1177457692093985599, guid: 1e27fd6df7e1b36478b40b9f5cebfb81, type: 3}
      propertyPath: m_RootOrder
      value: 7
      objectReference: {fileID: 0}
    - target: {fileID: 2003297435342498672, guid: 1e27fd6df7e1b36478b40b9f5cebfb81, type: 3}
      propertyPath: m_Pivot.x
      value: 0
      objectReference: {fileID: 0}
    - target: {fileID: 2003297435342498672, guid: 1e27fd6df7e1b36478b40b9f5cebfb81, type: 3}
      propertyPath: m_Pivot.y
      value: 0
      objectReference: {fileID: 0}
    - target: {fileID: 2003297435342498672, guid: 1e27fd6df7e1b36478b40b9f5cebfb81, type: 3}
      propertyPath: m_RootOrder
      value: 2
      objectReference: {fileID: 0}
    - target: {fileID: 2003297435342498672, guid: 1e27fd6df7e1b36478b40b9f5cebfb81, type: 3}
      propertyPath: m_AnchorMax.x
      value: 0
      objectReference: {fileID: 0}
    - target: {fileID: 2003297435342498672, guid: 1e27fd6df7e1b36478b40b9f5cebfb81, type: 3}
      propertyPath: m_AnchorMax.y
      value: 0
      objectReference: {fileID: 0}
    - target: {fileID: 2003297435342498672, guid: 1e27fd6df7e1b36478b40b9f5cebfb81, type: 3}
      propertyPath: m_AnchorMin.x
      value: 0
      objectReference: {fileID: 0}
    - target: {fileID: 2003297435342498672, guid: 1e27fd6df7e1b36478b40b9f5cebfb81, type: 3}
      propertyPath: m_AnchorMin.y
      value: 0
      objectReference: {fileID: 0}
    - target: {fileID: 2003297435342498672, guid: 1e27fd6df7e1b36478b40b9f5cebfb81, type: 3}
      propertyPath: m_SizeDelta.x
      value: 0
      objectReference: {fileID: 0}
    - target: {fileID: 2003297435342498672, guid: 1e27fd6df7e1b36478b40b9f5cebfb81, type: 3}
      propertyPath: m_SizeDelta.y
      value: 0
      objectReference: {fileID: 0}
    - target: {fileID: 2003297435342498672, guid: 1e27fd6df7e1b36478b40b9f5cebfb81, type: 3}
      propertyPath: m_LocalPosition.x
      value: 0
      objectReference: {fileID: 0}
    - target: {fileID: 2003297435342498672, guid: 1e27fd6df7e1b36478b40b9f5cebfb81, type: 3}
      propertyPath: m_LocalPosition.y
      value: 0
      objectReference: {fileID: 0}
    - target: {fileID: 2003297435342498672, guid: 1e27fd6df7e1b36478b40b9f5cebfb81, type: 3}
      propertyPath: m_LocalPosition.z
      value: 47.56753
      objectReference: {fileID: 0}
    - target: {fileID: 2003297435342498672, guid: 1e27fd6df7e1b36478b40b9f5cebfb81, type: 3}
      propertyPath: m_LocalRotation.w
      value: 1
      objectReference: {fileID: 0}
    - target: {fileID: 2003297435342498672, guid: 1e27fd6df7e1b36478b40b9f5cebfb81, type: 3}
      propertyPath: m_LocalRotation.x
      value: -0
      objectReference: {fileID: 0}
    - target: {fileID: 2003297435342498672, guid: 1e27fd6df7e1b36478b40b9f5cebfb81, type: 3}
      propertyPath: m_LocalRotation.y
      value: -0
      objectReference: {fileID: 0}
    - target: {fileID: 2003297435342498672, guid: 1e27fd6df7e1b36478b40b9f5cebfb81, type: 3}
      propertyPath: m_LocalRotation.z
      value: -0
      objectReference: {fileID: 0}
    - target: {fileID: 2003297435342498672, guid: 1e27fd6df7e1b36478b40b9f5cebfb81, type: 3}
      propertyPath: m_AnchoredPosition.x
      value: -1001.7025
      objectReference: {fileID: 0}
    - target: {fileID: 2003297435342498672, guid: 1e27fd6df7e1b36478b40b9f5cebfb81, type: 3}
      propertyPath: m_AnchoredPosition.y
      value: 389.62885
      objectReference: {fileID: 0}
    - target: {fileID: 2003297435342498672, guid: 1e27fd6df7e1b36478b40b9f5cebfb81, type: 3}
      propertyPath: m_LocalEulerAnglesHint.x
      value: 0
      objectReference: {fileID: 0}
    - target: {fileID: 2003297435342498672, guid: 1e27fd6df7e1b36478b40b9f5cebfb81, type: 3}
      propertyPath: m_LocalEulerAnglesHint.y
      value: 0
      objectReference: {fileID: 0}
    - target: {fileID: 2003297435342498672, guid: 1e27fd6df7e1b36478b40b9f5cebfb81, type: 3}
      propertyPath: m_LocalEulerAnglesHint.z
      value: 0
      objectReference: {fileID: 0}
    - target: {fileID: 2003297435342498683, guid: 1e27fd6df7e1b36478b40b9f5cebfb81, type: 3}
      propertyPath: m_Name
      value: EvictionCanvas
      objectReference: {fileID: 0}
    - target: {fileID: 2003297435342498683, guid: 1e27fd6df7e1b36478b40b9f5cebfb81, type: 3}
      propertyPath: m_IsActive
      value: 0
      objectReference: {fileID: 0}
    m_RemovedComponents: []
  m_SourcePrefab: {fileID: 100100000, guid: 1e27fd6df7e1b36478b40b9f5cebfb81, type: 3}
--- !u!1 &9082646440431293053 stripped
GameObject:
  m_CorrespondingSourceObject: {fileID: 2003297435342498683, guid: 1e27fd6df7e1b36478b40b9f5cebfb81, type: 3}
  m_PrefabInstance: {fileID: 7332193034053220614}
  m_PrefabAsset: {fileID: 0}
--- !u!224 &9082646440431293046 stripped
RectTransform:
  m_CorrespondingSourceObject: {fileID: 2003297435342498672, guid: 1e27fd6df7e1b36478b40b9f5cebfb81, type: 3}
  m_PrefabInstance: {fileID: 7332193034053220614}
  m_PrefabAsset: {fileID: 0}
--- !u!1001 &7332193034421731281
PrefabInstance:
  m_ObjectHideFlags: 0
  serializedVersion: 2
  m_Modification:
    m_TransformParent: {fileID: 7332193035234981012}
    m_Modifications:
    - target: {fileID: 124368644, guid: 4e6a5aea2a716874697d6b4205983ca1, type: 3}
      propertyPath: tinte
      value: 
      objectReference: {fileID: 2287197824460849040}
    - target: {fileID: 124368644, guid: 4e6a5aea2a716874697d6b4205983ca1, type: 3}
      propertyPath: player
      value: 
      objectReference: {fileID: 0}
    - target: {fileID: 124368644, guid: 4e6a5aea2a716874697d6b4205983ca1, type: 3}
      propertyPath: gameOver
      value: 
      objectReference: {fileID: 4962238282795714982}
    - target: {fileID: 124368644, guid: 4e6a5aea2a716874697d6b4205983ca1, type: 3}
      propertyPath: healParticle
      value: 
      objectReference: {fileID: 0}
    - target: {fileID: 136303004, guid: 4e6a5aea2a716874697d6b4205983ca1, type: 3}
      propertyPath: staminaparticle
      value: 
      objectReference: {fileID: 0}
    - target: {fileID: 621133420, guid: 4e6a5aea2a716874697d6b4205983ca1, type: 3}
      propertyPath: m_RootOrder
      value: 7
      objectReference: {fileID: 0}
    - target: {fileID: 759766518, guid: 4e6a5aea2a716874697d6b4205983ca1, type: 3}
      propertyPath: m_IsActive
      value: 0
      objectReference: {fileID: 0}
    - target: {fileID: 1124347278, guid: 4e6a5aea2a716874697d6b4205983ca1, type: 3}
      propertyPath: m_IsActive
      value: 0
      objectReference: {fileID: 0}
    - target: {fileID: 1479771643, guid: 4e6a5aea2a716874697d6b4205983ca1, type: 3}
      propertyPath: m_AnchorMax.y
      value: 0
      objectReference: {fileID: 0}
    - target: {fileID: 2040100295, guid: 4e6a5aea2a716874697d6b4205983ca1, type: 3}
      propertyPath: player
      value: 
      objectReference: {fileID: 0}
    - target: {fileID: 2040100295, guid: 4e6a5aea2a716874697d6b4205983ca1, type: 3}
      propertyPath: winPanel
      value: 
      objectReference: {fileID: 9082646440431293053}
    - target: {fileID: 2051828839, guid: 4e6a5aea2a716874697d6b4205983ca1, type: 3}
      propertyPath: m_IsActive
      value: 0
      objectReference: {fileID: 0}
    - target: {fileID: 1671395425396547480, guid: 4e6a5aea2a716874697d6b4205983ca1, type: 3}
      propertyPath: m_Pivot.x
      value: 0
      objectReference: {fileID: 0}
    - target: {fileID: 1671395425396547480, guid: 4e6a5aea2a716874697d6b4205983ca1, type: 3}
      propertyPath: m_Pivot.y
      value: 0
      objectReference: {fileID: 0}
    - target: {fileID: 1671395425396547480, guid: 4e6a5aea2a716874697d6b4205983ca1, type: 3}
      propertyPath: m_RootOrder
      value: 3
      objectReference: {fileID: 0}
    - target: {fileID: 1671395425396547480, guid: 4e6a5aea2a716874697d6b4205983ca1, type: 3}
      propertyPath: m_AnchorMax.x
      value: 0
      objectReference: {fileID: 0}
    - target: {fileID: 1671395425396547480, guid: 4e6a5aea2a716874697d6b4205983ca1, type: 3}
      propertyPath: m_AnchorMax.y
      value: 0
      objectReference: {fileID: 0}
    - target: {fileID: 1671395425396547480, guid: 4e6a5aea2a716874697d6b4205983ca1, type: 3}
      propertyPath: m_AnchorMin.x
      value: 0
      objectReference: {fileID: 0}
    - target: {fileID: 1671395425396547480, guid: 4e6a5aea2a716874697d6b4205983ca1, type: 3}
      propertyPath: m_AnchorMin.y
      value: 0
      objectReference: {fileID: 0}
    - target: {fileID: 1671395425396547480, guid: 4e6a5aea2a716874697d6b4205983ca1, type: 3}
      propertyPath: m_SizeDelta.x
      value: 0
      objectReference: {fileID: 0}
    - target: {fileID: 1671395425396547480, guid: 4e6a5aea2a716874697d6b4205983ca1, type: 3}
      propertyPath: m_SizeDelta.y
      value: 0
      objectReference: {fileID: 0}
    - target: {fileID: 1671395425396547480, guid: 4e6a5aea2a716874697d6b4205983ca1, type: 3}
      propertyPath: m_LocalPosition.x
      value: 0
      objectReference: {fileID: 0}
    - target: {fileID: 1671395425396547480, guid: 4e6a5aea2a716874697d6b4205983ca1, type: 3}
      propertyPath: m_LocalPosition.y
      value: 0
      objectReference: {fileID: 0}
    - target: {fileID: 1671395425396547480, guid: 4e6a5aea2a716874697d6b4205983ca1, type: 3}
      propertyPath: m_LocalPosition.z
      value: 0
      objectReference: {fileID: 0}
    - target: {fileID: 1671395425396547480, guid: 4e6a5aea2a716874697d6b4205983ca1, type: 3}
      propertyPath: m_LocalRotation.w
      value: 1
      objectReference: {fileID: 0}
    - target: {fileID: 1671395425396547480, guid: 4e6a5aea2a716874697d6b4205983ca1, type: 3}
      propertyPath: m_LocalRotation.x
      value: 0
      objectReference: {fileID: 0}
    - target: {fileID: 1671395425396547480, guid: 4e6a5aea2a716874697d6b4205983ca1, type: 3}
      propertyPath: m_LocalRotation.y
      value: 0
      objectReference: {fileID: 0}
    - target: {fileID: 1671395425396547480, guid: 4e6a5aea2a716874697d6b4205983ca1, type: 3}
      propertyPath: m_LocalRotation.z
      value: 0
      objectReference: {fileID: 0}
    - target: {fileID: 1671395425396547480, guid: 4e6a5aea2a716874697d6b4205983ca1, type: 3}
      propertyPath: m_AnchoredPosition.x
      value: 0
      objectReference: {fileID: 0}
    - target: {fileID: 1671395425396547480, guid: 4e6a5aea2a716874697d6b4205983ca1, type: 3}
      propertyPath: m_AnchoredPosition.y
      value: 0
      objectReference: {fileID: 0}
    - target: {fileID: 1671395425396547480, guid: 4e6a5aea2a716874697d6b4205983ca1, type: 3}
      propertyPath: m_LocalEulerAnglesHint.x
      value: 0
      objectReference: {fileID: 0}
    - target: {fileID: 1671395425396547480, guid: 4e6a5aea2a716874697d6b4205983ca1, type: 3}
      propertyPath: m_LocalEulerAnglesHint.y
      value: 0
      objectReference: {fileID: 0}
    - target: {fileID: 1671395425396547480, guid: 4e6a5aea2a716874697d6b4205983ca1, type: 3}
      propertyPath: m_LocalEulerAnglesHint.z
      value: 0
      objectReference: {fileID: 0}
    - target: {fileID: 1671395425396547484, guid: 4e6a5aea2a716874697d6b4205983ca1, type: 3}
      propertyPath: m_Name
      value: StatsCanvas
      objectReference: {fileID: 0}
    m_RemovedComponents: []
  m_SourcePrefab: {fileID: 100100000, guid: 4e6a5aea2a716874697d6b4205983ca1, type: 3}
--- !u!224 &8282352807587455049 stripped
RectTransform:
  m_CorrespondingSourceObject: {fileID: 1671395425396547480, guid: 4e6a5aea2a716874697d6b4205983ca1, type: 3}
  m_PrefabInstance: {fileID: 7332193034421731281}
  m_PrefabAsset: {fileID: 0}
--- !u!1 &2287197824460849040 stripped
GameObject:
  m_CorrespondingSourceObject: {fileID: 8826189929219620929, guid: 4e6a5aea2a716874697d6b4205983ca1, type: 3}
  m_PrefabInstance: {fileID: 7332193034421731281}
  m_PrefabAsset: {fileID: 0}
--- !u!1001 &7332193034443373183
PrefabInstance:
  m_ObjectHideFlags: 0
  serializedVersion: 2
  m_Modification:
    m_TransformParent: {fileID: 7332193035234981012}
    m_Modifications:
    - target: {fileID: 2385860906819708130, guid: b0eb2af0421c6674fb9bd252b1835187, type: 3}
      propertyPath: m_Colors.m_SelectedColor.b
      value: 0.4862745
      objectReference: {fileID: 0}
    - target: {fileID: 2385860906819708130, guid: b0eb2af0421c6674fb9bd252b1835187, type: 3}
      propertyPath: m_Colors.m_SelectedColor.g
      value: 0.9372549
      objectReference: {fileID: 0}
    - target: {fileID: 2385860906819708130, guid: b0eb2af0421c6674fb9bd252b1835187, type: 3}
      propertyPath: m_Colors.m_SelectedColor.r
      value: 0.98039216
      objectReference: {fileID: 0}
    - target: {fileID: 2385860907217863323, guid: b0eb2af0421c6674fb9bd252b1835187, type: 3}
      propertyPath: m_Colors.m_SelectedColor.b
      value: 0.4862745
      objectReference: {fileID: 0}
    - target: {fileID: 2385860907217863323, guid: b0eb2af0421c6674fb9bd252b1835187, type: 3}
      propertyPath: m_Colors.m_SelectedColor.g
      value: 0.9372549
      objectReference: {fileID: 0}
    - target: {fileID: 2385860907217863323, guid: b0eb2af0421c6674fb9bd252b1835187, type: 3}
      propertyPath: m_Colors.m_SelectedColor.r
      value: 0.98039216
      objectReference: {fileID: 0}
    - target: {fileID: 2385860907250909742, guid: b0eb2af0421c6674fb9bd252b1835187, type: 3}
      propertyPath: OutputAudioMixerGroup
      value: 
      objectReference: {fileID: 24300002, guid: 0c807a049f4a1be44901cf52b6b26d37, type: 2}
    - target: {fileID: 2385860907490423763, guid: b0eb2af0421c6674fb9bd252b1835187, type: 3}
      propertyPath: m_Pivot.x
      value: 0
      objectReference: {fileID: 0}
    - target: {fileID: 2385860907490423763, guid: b0eb2af0421c6674fb9bd252b1835187, type: 3}
      propertyPath: m_Pivot.y
      value: 0
      objectReference: {fileID: 0}
    - target: {fileID: 2385860907490423763, guid: b0eb2af0421c6674fb9bd252b1835187, type: 3}
      propertyPath: m_RootOrder
      value: 0
      objectReference: {fileID: 0}
    - target: {fileID: 2385860907490423763, guid: b0eb2af0421c6674fb9bd252b1835187, type: 3}
      propertyPath: m_AnchorMax.x
      value: 0
      objectReference: {fileID: 0}
    - target: {fileID: 2385860907490423763, guid: b0eb2af0421c6674fb9bd252b1835187, type: 3}
      propertyPath: m_AnchorMax.y
      value: 0
      objectReference: {fileID: 0}
    - target: {fileID: 2385860907490423763, guid: b0eb2af0421c6674fb9bd252b1835187, type: 3}
      propertyPath: m_AnchorMin.x
      value: 0
      objectReference: {fileID: 0}
    - target: {fileID: 2385860907490423763, guid: b0eb2af0421c6674fb9bd252b1835187, type: 3}
      propertyPath: m_AnchorMin.y
      value: 0
      objectReference: {fileID: 0}
    - target: {fileID: 2385860907490423763, guid: b0eb2af0421c6674fb9bd252b1835187, type: 3}
      propertyPath: m_SizeDelta.x
      value: 0
      objectReference: {fileID: 0}
    - target: {fileID: 2385860907490423763, guid: b0eb2af0421c6674fb9bd252b1835187, type: 3}
      propertyPath: m_SizeDelta.y
      value: 0
      objectReference: {fileID: 0}
    - target: {fileID: 2385860907490423763, guid: b0eb2af0421c6674fb9bd252b1835187, type: 3}
      propertyPath: m_LocalPosition.x
      value: 0
      objectReference: {fileID: 0}
    - target: {fileID: 2385860907490423763, guid: b0eb2af0421c6674fb9bd252b1835187, type: 3}
      propertyPath: m_LocalPosition.y
      value: 0
      objectReference: {fileID: 0}
    - target: {fileID: 2385860907490423763, guid: b0eb2af0421c6674fb9bd252b1835187, type: 3}
      propertyPath: m_LocalPosition.z
      value: 47.56753
      objectReference: {fileID: 0}
    - target: {fileID: 2385860907490423763, guid: b0eb2af0421c6674fb9bd252b1835187, type: 3}
      propertyPath: m_LocalRotation.w
      value: 1
      objectReference: {fileID: 0}
    - target: {fileID: 2385860907490423763, guid: b0eb2af0421c6674fb9bd252b1835187, type: 3}
      propertyPath: m_LocalRotation.x
      value: -0
      objectReference: {fileID: 0}
    - target: {fileID: 2385860907490423763, guid: b0eb2af0421c6674fb9bd252b1835187, type: 3}
      propertyPath: m_LocalRotation.y
      value: -0
      objectReference: {fileID: 0}
    - target: {fileID: 2385860907490423763, guid: b0eb2af0421c6674fb9bd252b1835187, type: 3}
      propertyPath: m_LocalRotation.z
      value: -0
      objectReference: {fileID: 0}
    - target: {fileID: 2385860907490423763, guid: b0eb2af0421c6674fb9bd252b1835187, type: 3}
      propertyPath: m_AnchoredPosition.x
      value: -1001.7025
      objectReference: {fileID: 0}
    - target: {fileID: 2385860907490423763, guid: b0eb2af0421c6674fb9bd252b1835187, type: 3}
      propertyPath: m_AnchoredPosition.y
      value: 389.62885
      objectReference: {fileID: 0}
    - target: {fileID: 2385860907490423763, guid: b0eb2af0421c6674fb9bd252b1835187, type: 3}
      propertyPath: m_LocalEulerAnglesHint.x
      value: 0
      objectReference: {fileID: 0}
    - target: {fileID: 2385860907490423763, guid: b0eb2af0421c6674fb9bd252b1835187, type: 3}
      propertyPath: m_LocalEulerAnglesHint.y
      value: 0
      objectReference: {fileID: 0}
    - target: {fileID: 2385860907490423763, guid: b0eb2af0421c6674fb9bd252b1835187, type: 3}
      propertyPath: m_LocalEulerAnglesHint.z
      value: 0
      objectReference: {fileID: 0}
    - target: {fileID: 2385860907490423769, guid: b0eb2af0421c6674fb9bd252b1835187, type: 3}
      propertyPath: m_Name
      value: GameOver Canvas
      objectReference: {fileID: 0}
    - target: {fileID: 2385860907490423769, guid: b0eb2af0421c6674fb9bd252b1835187, type: 3}
      propertyPath: m_IsActive
      value: 0
      objectReference: {fileID: 0}
    - target: {fileID: 3664447048693006182, guid: b0eb2af0421c6674fb9bd252b1835187, type: 3}
      propertyPath: sceneName
      value: Level01
      objectReference: {fileID: 0}
    m_RemovedComponents: []
  m_SourcePrefab: {fileID: 100100000, guid: b0eb2af0421c6674fb9bd252b1835187, type: 3}
--- !u!1 &4962238282795714982 stripped
GameObject:
  m_CorrespondingSourceObject: {fileID: 2385860907490423769, guid: b0eb2af0421c6674fb9bd252b1835187, type: 3}
  m_PrefabInstance: {fileID: 7332193034443373183}
  m_PrefabAsset: {fileID: 0}
--- !u!224 &4962238282795714988 stripped
RectTransform:
  m_CorrespondingSourceObject: {fileID: 2385860907490423763, guid: b0eb2af0421c6674fb9bd252b1835187, type: 3}
  m_PrefabInstance: {fileID: 7332193034443373183}
  m_PrefabAsset: {fileID: 0}
--- !u!1001 &7332193035371938372
PrefabInstance:
  m_ObjectHideFlags: 0
  serializedVersion: 2
  m_Modification:
    m_TransformParent: {fileID: 7332193035234981012}
    m_Modifications:
    - target: {fileID: 7894060897416402723, guid: a76746f12019d2343bfb5a80c8f6b908, type: 3}
      propertyPath: m_Pivot.x
      value: 0
      objectReference: {fileID: 0}
    - target: {fileID: 7894060897416402723, guid: a76746f12019d2343bfb5a80c8f6b908, type: 3}
      propertyPath: m_Pivot.y
      value: 0
      objectReference: {fileID: 0}
    - target: {fileID: 7894060897416402723, guid: a76746f12019d2343bfb5a80c8f6b908, type: 3}
      propertyPath: m_RootOrder
      value: 1
      objectReference: {fileID: 0}
    - target: {fileID: 7894060897416402723, guid: a76746f12019d2343bfb5a80c8f6b908, type: 3}
      propertyPath: m_AnchorMax.x
      value: 0
      objectReference: {fileID: 0}
    - target: {fileID: 7894060897416402723, guid: a76746f12019d2343bfb5a80c8f6b908, type: 3}
      propertyPath: m_AnchorMax.y
      value: 0
      objectReference: {fileID: 0}
    - target: {fileID: 7894060897416402723, guid: a76746f12019d2343bfb5a80c8f6b908, type: 3}
      propertyPath: m_AnchorMin.x
      value: 0
      objectReference: {fileID: 0}
    - target: {fileID: 7894060897416402723, guid: a76746f12019d2343bfb5a80c8f6b908, type: 3}
      propertyPath: m_AnchorMin.y
      value: 0
      objectReference: {fileID: 0}
    - target: {fileID: 7894060897416402723, guid: a76746f12019d2343bfb5a80c8f6b908, type: 3}
      propertyPath: m_SizeDelta.x
      value: 0
      objectReference: {fileID: 0}
    - target: {fileID: 7894060897416402723, guid: a76746f12019d2343bfb5a80c8f6b908, type: 3}
      propertyPath: m_SizeDelta.y
      value: 0
      objectReference: {fileID: 0}
    - target: {fileID: 7894060897416402723, guid: a76746f12019d2343bfb5a80c8f6b908, type: 3}
      propertyPath: m_LocalPosition.x
      value: 0
      objectReference: {fileID: 0}
    - target: {fileID: 7894060897416402723, guid: a76746f12019d2343bfb5a80c8f6b908, type: 3}
      propertyPath: m_LocalPosition.y
      value: 0
      objectReference: {fileID: 0}
    - target: {fileID: 7894060897416402723, guid: a76746f12019d2343bfb5a80c8f6b908, type: 3}
      propertyPath: m_LocalPosition.z
      value: 0
      objectReference: {fileID: 0}
    - target: {fileID: 7894060897416402723, guid: a76746f12019d2343bfb5a80c8f6b908, type: 3}
      propertyPath: m_LocalRotation.w
      value: 1
      objectReference: {fileID: 0}
    - target: {fileID: 7894060897416402723, guid: a76746f12019d2343bfb5a80c8f6b908, type: 3}
      propertyPath: m_LocalRotation.x
      value: 0
      objectReference: {fileID: 0}
    - target: {fileID: 7894060897416402723, guid: a76746f12019d2343bfb5a80c8f6b908, type: 3}
      propertyPath: m_LocalRotation.y
      value: 0
      objectReference: {fileID: 0}
    - target: {fileID: 7894060897416402723, guid: a76746f12019d2343bfb5a80c8f6b908, type: 3}
      propertyPath: m_LocalRotation.z
      value: 0
      objectReference: {fileID: 0}
    - target: {fileID: 7894060897416402723, guid: a76746f12019d2343bfb5a80c8f6b908, type: 3}
      propertyPath: m_AnchoredPosition.x
      value: 0
      objectReference: {fileID: 0}
    - target: {fileID: 7894060897416402723, guid: a76746f12019d2343bfb5a80c8f6b908, type: 3}
      propertyPath: m_AnchoredPosition.y
      value: 0
      objectReference: {fileID: 0}
    - target: {fileID: 7894060897416402723, guid: a76746f12019d2343bfb5a80c8f6b908, type: 3}
      propertyPath: m_LocalEulerAnglesHint.x
      value: 0
      objectReference: {fileID: 0}
    - target: {fileID: 7894060897416402723, guid: a76746f12019d2343bfb5a80c8f6b908, type: 3}
      propertyPath: m_LocalEulerAnglesHint.y
      value: 0
      objectReference: {fileID: 0}
    - target: {fileID: 7894060897416402723, guid: a76746f12019d2343bfb5a80c8f6b908, type: 3}
      propertyPath: m_LocalEulerAnglesHint.z
      value: 0
      objectReference: {fileID: 0}
    - target: {fileID: 7894060897416402751, guid: a76746f12019d2343bfb5a80c8f6b908, type: 3}
      propertyPath: m_Name
      value: EndCanvas
      objectReference: {fileID: 0}
    - target: {fileID: 7894060897416402751, guid: a76746f12019d2343bfb5a80c8f6b908, type: 3}
      propertyPath: m_IsActive
      value: 0
      objectReference: {fileID: 0}
    m_RemovedComponents: []
  m_SourcePrefab: {fileID: 100100000, guid: a76746f12019d2343bfb5a80c8f6b908, type: 3}
--- !u!1 &597985032853673339 stripped
GameObject:
  m_CorrespondingSourceObject: {fileID: 7894060897416402751, guid: a76746f12019d2343bfb5a80c8f6b908, type: 3}
  m_PrefabInstance: {fileID: 7332193035371938372}
  m_PrefabAsset: {fileID: 0}
--- !u!224 &597985032853673319 stripped
RectTransform:
  m_CorrespondingSourceObject: {fileID: 7894060897416402723, guid: a76746f12019d2343bfb5a80c8f6b908, type: 3}
  m_PrefabInstance: {fileID: 7332193035371938372}
  m_PrefabAsset: {fileID: 0}
