%YAML 1.1
%TAG !u! tag:unity3d.com,2011:
--- !u!1 &4512031901224903190
GameObject:
  m_ObjectHideFlags: 0
  m_CorrespondingSourceObject: {fileID: 0}
  m_PrefabInstance: {fileID: 0}
  m_PrefabAsset: {fileID: 0}
  serializedVersion: 6
  m_Component:
  - component: {fileID: 3416215935139296946}
  - component: {fileID: 6621892085766818748}
  - component: {fileID: 6965184451036496091}
  - component: {fileID: 6672469464367552858}
  - component: {fileID: 2919581504806563587}
  m_Layer: 9
  m_Name: Eye (1)
  m_TagString: Untagged
  m_Icon: {fileID: 0}
  m_NavMeshLayer: 0
  m_StaticEditorFlags: 0
  m_IsActive: 1
--- !u!4 &3416215935139296946
Transform:
  m_ObjectHideFlags: 0
  m_CorrespondingSourceObject: {fileID: 0}
  m_PrefabInstance: {fileID: 0}
  m_PrefabAsset: {fileID: 0}
  m_GameObject: {fileID: 4512031901224903190}
  m_LocalRotation: {x: -0, y: -0, z: -0, w: 1}
  m_LocalPosition: {x: -0.20100021, y: 0.06999993, z: 0}
  m_LocalScale: {x: 0.66, y: 1, z: 1}
  m_Children: []
  m_Father: {fileID: 5120431727176069965}
  m_RootOrder: 0
  m_LocalEulerAnglesHint: {x: 0, y: 0, z: 0}
--- !u!212 &6621892085766818748
SpriteRenderer:
  m_ObjectHideFlags: 0
  m_CorrespondingSourceObject: {fileID: 0}
  m_PrefabInstance: {fileID: 0}
  m_PrefabAsset: {fileID: 0}
  m_GameObject: {fileID: 4512031901224903190}
  m_Enabled: 1
  m_CastShadows: 0
  m_ReceiveShadows: 0
  m_DynamicOccludee: 1
  m_MotionVectors: 1
  m_LightProbeUsage: 1
  m_ReflectionProbeUsage: 1
  m_RayTracingMode: 0
  m_RayTraceProcedural: 0
  m_RenderingLayerMask: 1
  m_RendererPriority: 0
  m_Materials:
  - {fileID: 10754, guid: 0000000000000000f000000000000000, type: 0}
  m_StaticBatchInfo:
    firstSubMesh: 0
    subMeshCount: 0
  m_StaticBatchRoot: {fileID: 0}
  m_ProbeAnchor: {fileID: 0}
  m_LightProbeVolumeOverride: {fileID: 0}
  m_ScaleInLightmap: 1
  m_ReceiveGI: 1
  m_PreserveUVs: 0
  m_IgnoreNormalsForChartDetection: 0
  m_ImportantGI: 0
  m_StitchLightmapSeams: 1
  m_SelectedEditorRenderState: 0
  m_MinimumChartSize: 4
  m_AutoUVMaxDistance: 0.5
  m_AutoUVMaxAngle: 89
  m_LightmapParameters: {fileID: 0}
  m_SortingLayerID: -1545289543
  m_SortingLayer: 6
  m_SortingOrder: 1
  m_Sprite: {fileID: 7435676298847238742, guid: 1bfb5f7d48d04f84b84ae47138e6194e, type: 3}
  m_Color: {r: 1, g: 1, b: 1, a: 1}
  m_FlipX: 0
  m_FlipY: 0
  m_DrawMode: 0
  m_Size: {x: 1, y: 1}
  m_AdaptiveModeThreshold: 0.5
  m_SpriteTileMode: 0
  m_WasSpriteAssigned: 1
  m_MaskInteraction: 0
  m_SpriteSortPoint: 0
--- !u!68 &6965184451036496091
EdgeCollider2D:
  m_ObjectHideFlags: 0
  m_CorrespondingSourceObject: {fileID: 0}
  m_PrefabInstance: {fileID: 0}
  m_PrefabAsset: {fileID: 0}
  m_GameObject: {fileID: 4512031901224903190}
  m_Enabled: 0
  m_Density: 1
  m_Material: {fileID: 0}
  m_IsTrigger: 0
  m_UsedByEffector: 0
  m_UsedByComposite: 0
  m_Offset: {x: 0, y: 0}
  m_EdgeRadius: 0
  m_Points:
  - {x: -0.034199867, y: -0.07325411}
  - {x: -0.044708252, y: -0.00608325}
  - {x: -0.021653175, y: 0.0567286}
  - {x: 0.021373749, y: 0.07557964}
  - {x: 0.03942299, y: 0.05223322}
  - {x: 0.036693573, y: -0.004459381}
  - {x: 0.011953354, y: -0.051080227}
  - {x: -0.028589573, y: -0.07674241}
  m_AdjacentStartPoint: {x: 0, y: 0}
  m_AdjacentEndPoint: {x: 0, y: 0}
  m_UseAdjacentStartPoint: 0
  m_UseAdjacentEndPoint: 0
--- !u!58 &6672469464367552858
CircleCollider2D:
  m_ObjectHideFlags: 0
  m_CorrespondingSourceObject: {fileID: 0}
  m_PrefabInstance: {fileID: 0}
  m_PrefabAsset: {fileID: 0}
  m_GameObject: {fileID: 4512031901224903190}
  m_Enabled: 0
  m_Density: 1
  m_Material: {fileID: 0}
  m_IsTrigger: 0
  m_UsedByEffector: 0
  m_UsedByComposite: 0
  m_Offset: {x: -0.001761198, y: 0}
  serializedVersion: 2
  m_Radius: 0.037240267
--- !u!61 &2919581504806563587
BoxCollider2D:
  m_ObjectHideFlags: 0
  m_CorrespondingSourceObject: {fileID: 0}
  m_PrefabInstance: {fileID: 0}
  m_PrefabAsset: {fileID: 0}
  m_GameObject: {fileID: 4512031901224903190}
  m_Enabled: 0
  m_Density: 1
  m_Material: {fileID: 0}
  m_IsTrigger: 0
  m_UsedByEffector: 0
  m_UsedByComposite: 0
  m_Offset: {x: 0, y: 0}
  m_SpriteTilingProperty:
    border: {x: 0, y: 0, z: 0, w: 0}
    pivot: {x: 0.5, y: 0.5}
    oldSize: {x: 0.08235294, y: 0.16078432}
    newSize: {x: 1, y: 1}
    adaptiveTilingThreshold: 0.5
    drawMode: 0
    adaptiveTiling: 0
  m_AutoTiling: 0
  serializedVersion: 2
  m_Size: {x: 0.08235294, y: 0.16078432}
  m_EdgeRadius: 0
--- !u!1 &5120431727176069960
GameObject:
  m_ObjectHideFlags: 0
  m_CorrespondingSourceObject: {fileID: 0}
  m_PrefabInstance: {fileID: 0}
  m_PrefabAsset: {fileID: 0}
  serializedVersion: 6
  m_Component:
  - component: {fileID: 5120431727176069965}
  - component: {fileID: 5120431727176069966}
  - component: {fileID: 5120431727176069964}
  - component: {fileID: -9192826670543659653}
  - component: {fileID: -170011707825469981}
  - component: {fileID: 5814893591910572086}
  m_Layer: 9
  m_Name: BlockLv03
  m_TagString: Block
  m_Icon: {fileID: 0}
  m_NavMeshLayer: 0
  m_StaticEditorFlags: 0
  m_IsActive: 1
--- !u!4 &5120431727176069965
Transform:
  m_ObjectHideFlags: 0
  m_CorrespondingSourceObject: {fileID: 0}
  m_PrefabInstance: {fileID: 0}
  m_PrefabAsset: {fileID: 0}
  m_GameObject: {fileID: 5120431727176069960}
  m_LocalRotation: {x: 0, y: 0, z: 0, w: 1}
  m_LocalPosition: {x: -4, y: 2, z: 0}
  m_LocalScale: {x: 1, y: 1, z: 1}
  m_Children:
  - {fileID: 3416215935139296946}
  - {fileID: 7825852010338400923}
  - {fileID: 8379075274285211515}
  m_Father: {fileID: 0}
  m_RootOrder: 0
  m_LocalEulerAnglesHint: {x: 0, y: 0, z: 0}
--- !u!212 &5120431727176069966
SpriteRenderer:
  m_ObjectHideFlags: 0
  m_CorrespondingSourceObject: {fileID: 0}
  m_PrefabInstance: {fileID: 0}
  m_PrefabAsset: {fileID: 0}
  m_GameObject: {fileID: 5120431727176069960}
  m_Enabled: 1
  m_CastShadows: 0
  m_ReceiveShadows: 0
  m_DynamicOccludee: 1
  m_MotionVectors: 1
  m_LightProbeUsage: 1
  m_ReflectionProbeUsage: 1
  m_RayTracingMode: 0
  m_RayTraceProcedural: 0
  m_RenderingLayerMask: 1
  m_RendererPriority: 0
  m_Materials:
  - {fileID: 10754, guid: 0000000000000000f000000000000000, type: 0}
  m_StaticBatchInfo:
    firstSubMesh: 0
    subMeshCount: 0
  m_StaticBatchRoot: {fileID: 0}
  m_ProbeAnchor: {fileID: 0}
  m_LightProbeVolumeOverride: {fileID: 0}
  m_ScaleInLightmap: 1
  m_ReceiveGI: 1
  m_PreserveUVs: 0
  m_IgnoreNormalsForChartDetection: 0
  m_ImportantGI: 0
  m_StitchLightmapSeams: 1
  m_SelectedEditorRenderState: 0
  m_MinimumChartSize: 4
  m_AutoUVMaxDistance: 0.5
  m_AutoUVMaxAngle: 89
  m_LightmapParameters: {fileID: 0}
  m_SortingLayerID: -1545289543
  m_SortingLayer: 6
  m_SortingOrder: 0
  m_Sprite: {fileID: -5571223752216571988, guid: 1bfb5f7d48d04f84b84ae47138e6194e, type: 3}
  m_Color: {r: 1, g: 1, b: 1, a: 1}
  m_FlipX: 0
  m_FlipY: 0
  m_DrawMode: 0
  m_Size: {x: 1, y: 1}
  m_AdaptiveModeThreshold: 0.5
  m_SpriteTileMode: 0
  m_WasSpriteAssigned: 1
  m_MaskInteraction: 0
  m_SpriteSortPoint: 0
--- !u!61 &5120431727176069964
BoxCollider2D:
  m_ObjectHideFlags: 0
  m_CorrespondingSourceObject: {fileID: 0}
  m_PrefabInstance: {fileID: 0}
  m_PrefabAsset: {fileID: 0}
  m_GameObject: {fileID: 5120431727176069960}
  m_Enabled: 1
  m_Density: 1
  m_Material: {fileID: 0}
  m_IsTrigger: 0
  m_UsedByEffector: 0
  m_UsedByComposite: 0
  m_Offset: {x: 0, y: 0}
  m_SpriteTilingProperty:
    border: {x: 0, y: 0, z: 0, w: 0}
    pivot: {x: 0.5, y: 0.5}
    oldSize: {x: 1, y: 1}
    newSize: {x: 1, y: 1}
    adaptiveTilingThreshold: 0.5
    drawMode: 0
    adaptiveTiling: 0
  m_AutoTiling: 0
  serializedVersion: 2
  m_Size: {x: 1, y: 1}
  m_EdgeRadius: 0
--- !u!114 &-9192826670543659653
MonoBehaviour:
  m_ObjectHideFlags: 0
  m_CorrespondingSourceObject: {fileID: 0}
  m_PrefabInstance: {fileID: 0}
  m_PrefabAsset: {fileID: 0}
  m_GameObject: {fileID: 5120431727176069960}
  m_Enabled: 1
  m_EditorHideFlags: 0
  m_Script: {fileID: 11500000, guid: 72e64485b816ca04391ab6788f99ba17, type: 3}
  m_Name: 
  m_EditorClassIdentifier: 
  cubeInformation: {fileID: 11400000, guid: 3e87a1ac2d981374f8f845c8315b1f99, type: 2}
  health: 0
  ink: 0
  blockSoundSource: {fileID: 5814893591910572086}
  blockSounds:
  - {fileID: 8300000, guid: e2eccd02cca17a64e95df2fc0c74448f, type: 3}
  - {fileID: 8300000, guid: 9818003be384f89488dcee875da76c79, type: 3}
  - {fileID: 8300000, guid: 26007700924a12e4c86e968b98b4994b, type: 3}
  state03: {fileID: 9041926021598397121, guid: 1bfb5f7d48d04f84b84ae47138e6194e, type: 3}
  state02: {fileID: 8036331194837166753, guid: 1bfb5f7d48d04f84b84ae47138e6194e, type: 3}
  state01: {fileID: -3478838980886770363, guid: 1bfb5f7d48d04f84b84ae47138e6194e, type: 3}
--- !u!50 &-170011707825469981
Rigidbody2D:
  serializedVersion: 4
  m_ObjectHideFlags: 0
  m_CorrespondingSourceObject: {fileID: 0}
  m_PrefabInstance: {fileID: 0}
  m_PrefabAsset: {fileID: 0}
  m_GameObject: {fileID: 5120431727176069960}
  m_BodyType: 1
  m_Simulated: 1
  m_UseFullKinematicContacts: 0
  m_UseAutoMass: 0
  m_Mass: 100
  m_LinearDrag: 0
  m_AngularDrag: 0.05
  m_GravityScale: 0
  m_Material: {fileID: 0}
  m_Interpolate: 0
  m_SleepingMode: 1
  m_CollisionDetection: 0
  m_Constraints: 0
--- !u!82 &5814893591910572086
AudioSource:
  m_ObjectHideFlags: 0
  m_CorrespondingSourceObject: {fileID: 0}
  m_PrefabInstance: {fileID: 0}
  m_PrefabAsset: {fileID: 0}
  m_GameObject: {fileID: 5120431727176069960}
  m_Enabled: 1
  serializedVersion: 4
  OutputAudioMixerGroup: {fileID: -6586284147026318962, guid: 0c807a049f4a1be44901cf52b6b26d37, type: 2}
  m_audioClip: {fileID: 0}
  m_PlayOnAwake: 0
  m_Volume: 0.05
  m_Pitch: 1
  Loop: 0
  Mute: 0
  Spatialize: 0
  SpatializePostEffects: 0
  Priority: 128
  DopplerLevel: 1
  MinDistance: 1
  MaxDistance: 500
  Pan2D: 0
  rolloffMode: 0
  BypassEffects: 0
  BypassListenerEffects: 0
  BypassReverbZones: 0
  rolloffCustomCurve:
    serializedVersion: 2
    m_Curve:
    - serializedVersion: 3
      time: 0
      value: 1
      inSlope: 0
      outSlope: 0
      tangentMode: 0
      weightedMode: 0
      inWeight: 0.33333334
      outWeight: 0.33333334
    - serializedVersion: 3
      time: 1
      value: 0
      inSlope: 0
      outSlope: 0
      tangentMode: 0
      weightedMode: 0
      inWeight: 0.33333334
      outWeight: 0.33333334
    m_PreInfinity: 2
    m_PostInfinity: 2
    m_RotationOrder: 4
  panLevelCustomCurve:
    serializedVersion: 2
    m_Curve:
    - serializedVersion: 3
      time: 0
      value: 0
      inSlope: 0
      outSlope: 0
      tangentMode: 0
      weightedMode: 0
      inWeight: 0.33333334
      outWeight: 0.33333334
    m_PreInfinity: 2
    m_PostInfinity: 2
    m_RotationOrder: 4
  spreadCustomCurve:
    serializedVersion: 2
    m_Curve:
    - serializedVersion: 3
      time: 0
      value: 0
      inSlope: 0
      outSlope: 0
      tangentMode: 0
      weightedMode: 0
      inWeight: 0.33333334
      outWeight: 0.33333334
    m_PreInfinity: 2
    m_PostInfinity: 2
    m_RotationOrder: 4
  reverbZoneMixCustomCurve:
    serializedVersion: 2
    m_Curve:
    - serializedVersion: 3
      time: 0
      value: 1
      inSlope: 0
      outSlope: 0
      tangentMode: 0
      weightedMode: 0
      inWeight: 0.33333334
      outWeight: 0.33333334
    m_PreInfinity: 2
    m_PostInfinity: 2
    m_RotationOrder: 4
--- !u!1 &7730386569850245244
GameObject:
  m_ObjectHideFlags: 0
  m_CorrespondingSourceObject: {fileID: 0}
  m_PrefabInstance: {fileID: 0}
  m_PrefabAsset: {fileID: 0}
  serializedVersion: 6
  m_Component:
  - component: {fileID: 7825852010338400923}
  - component: {fileID: 6998733999535460117}
  - component: {fileID: 7780701314574212761}
  - component: {fileID: 3303855572847029656}
  - component: {fileID: 2407259711266827713}
  m_Layer: 9
  m_Name: Eye 2 (1)
  m_TagString: Untagged
  m_Icon: {fileID: 0}
  m_NavMeshLayer: 0
  m_StaticEditorFlags: 0
  m_IsActive: 1
--- !u!4 &7825852010338400923
Transform:
  m_ObjectHideFlags: 0
  m_CorrespondingSourceObject: {fileID: 0}
  m_PrefabInstance: {fileID: 0}
  m_PrefabAsset: {fileID: 0}
  m_GameObject: {fileID: 7730386569850245244}
  m_LocalRotation: {x: -0, y: -0, z: -0, w: 1}
  m_LocalPosition: {x: 0.278, y: -0.356, z: 0}
  m_LocalScale: {x: 0.66, y: 1, z: 1}
  m_Children: []
  m_Father: {fileID: 5120431727176069965}
  m_RootOrder: 1
  m_LocalEulerAnglesHint: {x: 0, y: 0, z: 0}
--- !u!212 &6998733999535460117
SpriteRenderer:
  m_ObjectHideFlags: 0
  m_CorrespondingSourceObject: {fileID: 0}
  m_PrefabInstance: {fileID: 0}
  m_PrefabAsset: {fileID: 0}
  m_GameObject: {fileID: 7730386569850245244}
  m_Enabled: 1
  m_CastShadows: 0
  m_ReceiveShadows: 0
  m_DynamicOccludee: 1
  m_MotionVectors: 1
  m_LightProbeUsage: 1
  m_ReflectionProbeUsage: 1
  m_RayTracingMode: 0
  m_RayTraceProcedural: 0
  m_RenderingLayerMask: 1
  m_RendererPriority: 0
  m_Materials:
  - {fileID: 10754, guid: 0000000000000000f000000000000000, type: 0}
  m_StaticBatchInfo:
    firstSubMesh: 0
    subMeshCount: 0
  m_StaticBatchRoot: {fileID: 0}
  m_ProbeAnchor: {fileID: 0}
  m_LightProbeVolumeOverride: {fileID: 0}
  m_ScaleInLightmap: 1
  m_ReceiveGI: 1
  m_PreserveUVs: 0
  m_IgnoreNormalsForChartDetection: 0
  m_ImportantGI: 0
  m_StitchLightmapSeams: 1
  m_SelectedEditorRenderState: 0
  m_MinimumChartSize: 4
  m_AutoUVMaxDistance: 0.5
  m_AutoUVMaxAngle: 89
  m_LightmapParameters: {fileID: 0}
  m_SortingLayerID: -1545289543
  m_SortingLayer: 6
  m_SortingOrder: 1
  m_Sprite: {fileID: 8121622420309941488, guid: 1bfb5f7d48d04f84b84ae47138e6194e, type: 3}
  m_Color: {r: 1, g: 1, b: 1, a: 1}
  m_FlipX: 0
  m_FlipY: 0
  m_DrawMode: 0
  m_Size: {x: 1, y: 1}
  m_AdaptiveModeThreshold: 0.5
  m_SpriteTileMode: 0
  m_WasSpriteAssigned: 1
  m_MaskInteraction: 0
  m_SpriteSortPoint: 0
--- !u!68 &7780701314574212761
EdgeCollider2D:
  m_ObjectHideFlags: 0
  m_CorrespondingSourceObject: {fileID: 0}
  m_PrefabInstance: {fileID: 0}
  m_PrefabAsset: {fileID: 0}
  m_GameObject: {fileID: 7730386569850245244}
  m_Enabled: 0
  m_Density: 1
  m_Material: {fileID: 0}
  m_IsTrigger: 0
  m_UsedByEffector: 0
  m_UsedByComposite: 0
  m_Offset: {x: 0, y: 0}
  m_EdgeRadius: 0
  m_Points:
  - {x: -0.034199867, y: -0.07325411}
  - {x: -0.044708252, y: -0.00608325}
  - {x: -0.021653175, y: 0.0567286}
  - {x: 0.021373749, y: 0.07557964}
  - {x: 0.03942299, y: 0.05223322}
  - {x: 0.036693573, y: -0.004459381}
  - {x: 0.011953354, y: -0.051080227}
  - {x: -0.028589573, y: -0.07674241}
  m_AdjacentStartPoint: {x: 0, y: 0}
  m_AdjacentEndPoint: {x: 0, y: 0}
  m_UseAdjacentStartPoint: 0
  m_UseAdjacentEndPoint: 0
--- !u!58 &3303855572847029656
CircleCollider2D:
  m_ObjectHideFlags: 0
  m_CorrespondingSourceObject: {fileID: 0}
  m_PrefabInstance: {fileID: 0}
  m_PrefabAsset: {fileID: 0}
  m_GameObject: {fileID: 7730386569850245244}
  m_Enabled: 0
  m_Density: 1
  m_Material: {fileID: 0}
  m_IsTrigger: 0
  m_UsedByEffector: 0
  m_UsedByComposite: 0
  m_Offset: {x: -0.001761198, y: 0}
  serializedVersion: 2
  m_Radius: 0.037240267
--- !u!61 &2407259711266827713
BoxCollider2D:
  m_ObjectHideFlags: 0
  m_CorrespondingSourceObject: {fileID: 0}
  m_PrefabInstance: {fileID: 0}
  m_PrefabAsset: {fileID: 0}
  m_GameObject: {fileID: 7730386569850245244}
  m_Enabled: 1
  m_Density: 1
  m_Material: {fileID: 0}
  m_IsTrigger: 0
  m_UsedByEffector: 0
  m_UsedByComposite: 0
  m_Offset: {x: 0, y: 0}
  m_SpriteTilingProperty:
    border: {x: 0, y: 0, z: 0, w: 0}
    pivot: {x: 0.5, y: 0.5}
    oldSize: {x: 0.043137256, y: 0.09803922}
    newSize: {x: 1, y: 1}
    adaptiveTilingThreshold: 0.5
    drawMode: 0
    adaptiveTiling: 0
  m_AutoTiling: 0
  serializedVersion: 2
  m_Size: {x: 0.08235294, y: 0.16078432}
  m_EdgeRadius: 0
--- !u!1001 &5386981553499107556
PrefabInstance:
  m_ObjectHideFlags: 0
  serializedVersion: 2
  m_Modification:
    m_TransformParent: {fileID: 5120431727176069965}
    m_Modifications:
    - target: {fileID: 4506436088832864130, guid: c76683af6f5f5409c97a3508b3c3dd2a, type: 3}
      propertyPath: m_Name
      value: ParticleBlock
      objectReference: {fileID: 0}
    - target: {fileID: 4506436088832864156, guid: c76683af6f5f5409c97a3508b3c3dd2a, type: 3}
      propertyPath: InitialModule.startColor.maxColor.b
      value: 0.40784317
      objectReference: {fileID: 0}
    - target: {fileID: 4506436088832864156, guid: c76683af6f5f5409c97a3508b3c3dd2a, type: 3}
      propertyPath: InitialModule.startColor.maxColor.g
      value: 0.1254902
      objectReference: {fileID: 0}
    - target: {fileID: 4506436088832864156, guid: c76683af6f5f5409c97a3508b3c3dd2a, type: 3}
      propertyPath: InitialModule.startColor.maxColor.r
      value: 0.25882354
      objectReference: {fileID: 0}
    - target: {fileID: 4506436088832864159, guid: c76683af6f5f5409c97a3508b3c3dd2a, type: 3}
      propertyPath: m_RootOrder
      value: 2
      objectReference: {fileID: 0}
    - target: {fileID: 4506436088832864159, guid: c76683af6f5f5409c97a3508b3c3dd2a, type: 3}
      propertyPath: m_LocalPosition.x
      value: 0.02
      objectReference: {fileID: 0}
    - target: {fileID: 4506436088832864159, guid: c76683af6f5f5409c97a3508b3c3dd2a, type: 3}
      propertyPath: m_LocalPosition.y
      value: -0.03
      objectReference: {fileID: 0}
    - target: {fileID: 4506436088832864159, guid: c76683af6f5f5409c97a3508b3c3dd2a, type: 3}
      propertyPath: m_LocalPosition.z
      value: -1.2204655
      objectReference: {fileID: 0}
    - target: {fileID: 4506436088832864159, guid: c76683af6f5f5409c97a3508b3c3dd2a, type: 3}
      propertyPath: m_LocalRotation.w
      value: 0.7071068
      objectReference: {fileID: 0}
    - target: {fileID: 4506436088832864159, guid: c76683af6f5f5409c97a3508b3c3dd2a, type: 3}
      propertyPath: m_LocalRotation.x
      value: -0.7071068
      objectReference: {fileID: 0}
    - target: {fileID: 4506436088832864159, guid: c76683af6f5f5409c97a3508b3c3dd2a, type: 3}
      propertyPath: m_LocalRotation.y
      value: 0
      objectReference: {fileID: 0}
    - target: {fileID: 4506436088832864159, guid: c76683af6f5f5409c97a3508b3c3dd2a, type: 3}
      propertyPath: m_LocalRotation.z
      value: 0
      objectReference: {fileID: 0}
    - target: {fileID: 4506436088832864159, guid: c76683af6f5f5409c97a3508b3c3dd2a, type: 3}
      propertyPath: m_LocalEulerAnglesHint.x
      value: -90
      objectReference: {fileID: 0}
    - target: {fileID: 4506436088832864159, guid: c76683af6f5f5409c97a3508b3c3dd2a, type: 3}
      propertyPath: m_LocalEulerAnglesHint.y
      value: 0
      objectReference: {fileID: 0}
    - target: {fileID: 4506436088832864159, guid: c76683af6f5f5409c97a3508b3c3dd2a, type: 3}
      propertyPath: m_LocalEulerAnglesHint.z
      value: 0
      objectReference: {fileID: 0}
    m_RemovedComponents: []
  m_SourcePrefab: {fileID: 100100000, guid: c76683af6f5f5409c97a3508b3c3dd2a, type: 3}
--- !u!4 &8379075274285211515 stripped
Transform:
  m_CorrespondingSourceObject: {fileID: 4506436088832864159, guid: c76683af6f5f5409c97a3508b3c3dd2a, type: 3}
  m_PrefabInstance: {fileID: 5386981553499107556}
  m_PrefabAsset: {fileID: 0}
