%YAML 1.1
%TAG !u! tag:unity3d.com,2011:
--- !u!1 &5120431727176069960
GameObject:
  m_ObjectHideFlags: 0
  m_CorrespondingSourceObject: {fileID: 0}
  m_PrefabInstance: {fileID: 0}
  m_PrefabAsset: {fileID: 0}
  serializedVersion: 6
  m_Component:
  - component: {fileID: 5120431727176069965}
  - component: {fileID: 5120431727176069966}
  - component: {fileID: -9192826670543659653}
  - component: {fileID: 5120431727176069964}
  - component: {fileID: 5036175468942958288}
  - component: {fileID: -2161767166269782930}
  m_Layer: 9
  m_Name: HealBlock
  m_TagString: Block
  m_Icon: {fileID: 0}
  m_NavMeshLayer: 0
  m_StaticEditorFlags: 0
  m_IsActive: 1
--- !u!4 &5120431727176069965
Transform:
  m_ObjectHideFlags: 0
  m_CorrespondingSourceObject: {fileID: 0}
  m_PrefabInstance: {fileID: 0}
  m_PrefabAsset: {fileID: 0}
  m_GameObject: {fileID: 5120431727176069960}
  m_LocalRotation: {x: 0, y: 0, z: 0, w: 1}
  m_LocalPosition: {x: -4, y: 2, z: 0}
  m_LocalScale: {x: 1, y: 1, z: 1}
  m_Children:
  - {fileID: 5977314784473851378}
  m_Father: {fileID: 0}
  m_RootOrder: 0
  m_LocalEulerAnglesHint: {x: 0, y: 0, z: 0}
--- !u!212 &5120431727176069966
SpriteRenderer:
  m_ObjectHideFlags: 0
  m_CorrespondingSourceObject: {fileID: 0}
  m_PrefabInstance: {fileID: 0}
  m_PrefabAsset: {fileID: 0}
  m_GameObject: {fileID: 5120431727176069960}
  m_Enabled: 1
  m_CastShadows: 0
  m_ReceiveShadows: 0
  m_DynamicOccludee: 1
  m_MotionVectors: 1
  m_LightProbeUsage: 1
  m_ReflectionProbeUsage: 1
  m_RayTracingMode: 0
  m_RayTraceProcedural: 0
  m_RenderingLayerMask: 1
  m_RendererPriority: 0
  m_Materials:
  - {fileID: 10754, guid: 0000000000000000f000000000000000, type: 0}
  m_StaticBatchInfo:
    firstSubMesh: 0
    subMeshCount: 0
  m_StaticBatchRoot: {fileID: 0}
  m_ProbeAnchor: {fileID: 0}
  m_LightProbeVolumeOverride: {fileID: 0}
  m_ScaleInLightmap: 1
  m_ReceiveGI: 1
  m_PreserveUVs: 0
  m_IgnoreNormalsForChartDetection: 0
  m_ImportantGI: 0
  m_StitchLightmapSeams: 1
  m_SelectedEditorRenderState: 0
  m_MinimumChartSize: 4
  m_AutoUVMaxDistance: 0.5
  m_AutoUVMaxAngle: 89
  m_LightmapParameters: {fileID: 0}
  m_SortingLayerID: -1545289543
  m_SortingLayer: 6
  m_SortingOrder: 0
  m_Sprite: {fileID: -4430259946660887629, guid: 45c0dec001b96c547acfe77d0bf3f341, type: 3}
  m_Color: {r: 1, g: 1, b: 1, a: 1}
  m_FlipX: 0
  m_FlipY: 0
  m_DrawMode: 0
  m_Size: {x: 1, y: 1}
  m_AdaptiveModeThreshold: 0.5
  m_SpriteTileMode: 0
  m_WasSpriteAssigned: 1
  m_MaskInteraction: 0
  m_SpriteSortPoint: 0
--- !u!114 &-9192826670543659653
MonoBehaviour:
  m_ObjectHideFlags: 0
  m_CorrespondingSourceObject: {fileID: 0}
  m_PrefabInstance: {fileID: 0}
  m_PrefabAsset: {fileID: 0}
  m_GameObject: {fileID: 5120431727176069960}
  m_Enabled: 1
  m_EditorHideFlags: 0
  m_Script: {fileID: 11500000, guid: 72e64485b816ca04391ab6788f99ba17, type: 3}
  m_Name: 
  m_EditorClassIdentifier: 
  cubeInformation: {fileID: 11400000, guid: 33a83033c1fe04224a464c17eb2558dd, type: 2}
  health: 0
  ink: 0
  blockSoundSource: {fileID: -2161767166269782930}
  blockSounds:
  - {fileID: 8300000, guid: 52cc7437608fb584280027573583f3a2, type: 3}
  state03: {fileID: 0}
  state02: {fileID: 0}
  state01: {fileID: 0}
--- !u!61 &5120431727176069964
BoxCollider2D:
  m_ObjectHideFlags: 0
  m_CorrespondingSourceObject: {fileID: 0}
  m_PrefabInstance: {fileID: 0}
  m_PrefabAsset: {fileID: 0}
  m_GameObject: {fileID: 5120431727176069960}
  m_Enabled: 1
  m_Density: 1
  m_Material: {fileID: 0}
  m_IsTrigger: 0
  m_UsedByEffector: 0
  m_UsedByComposite: 0
  m_Offset: {x: 0, y: 0}
  m_SpriteTilingProperty:
    border: {x: 0, y: 0, z: 0, w: 0}
    pivot: {x: 0.5, y: 0.5}
    oldSize: {x: 0.972549, y: 0.90588236}
    newSize: {x: 1, y: 1}
    adaptiveTilingThreshold: 0.5
    drawMode: 0
    adaptiveTiling: 0
  m_AutoTiling: 0
  serializedVersion: 2
  m_Size: {x: 1, y: 1}
  m_EdgeRadius: 0
--- !u!50 &5036175468942958288
Rigidbody2D:
  serializedVersion: 4
  m_ObjectHideFlags: 0
  m_CorrespondingSourceObject: {fileID: 0}
  m_PrefabInstance: {fileID: 0}
  m_PrefabAsset: {fileID: 0}
  m_GameObject: {fileID: 5120431727176069960}
  m_BodyType: 1
  m_Simulated: 1
  m_UseFullKinematicContacts: 0
  m_UseAutoMass: 0
  m_Mass: 100
  m_LinearDrag: 0
  m_AngularDrag: 0.05
  m_GravityScale: 0
  m_Material: {fileID: 0}
  m_Interpolate: 0
  m_SleepingMode: 1
  m_CollisionDetection: 0
  m_Constraints: 0
--- !u!82 &-2161767166269782930
AudioSource:
  m_ObjectHideFlags: 0
  m_CorrespondingSourceObject: {fileID: 0}
  m_PrefabInstance: {fileID: 0}
  m_PrefabAsset: {fileID: 0}
  m_GameObject: {fileID: 5120431727176069960}
  m_Enabled: 1
  serializedVersion: 4
  OutputAudioMixerGroup: {fileID: -6586284147026318962, guid: 0c807a049f4a1be44901cf52b6b26d37, type: 2}
  m_audioClip: {fileID: 8300000, guid: 18cb3f79581d366429619ab75f2df6a2, type: 3}
  m_PlayOnAwake: 0
  m_Volume: 0.05
  m_Pitch: 1
  Loop: 0
  Mute: 0
  Spatialize: 0
  SpatializePostEffects: 0
  Priority: 128
  DopplerLevel: 1
  MinDistance: 1
  MaxDistance: 500
  Pan2D: 0
  rolloffMode: 0
  BypassEffects: 0
  BypassListenerEffects: 0
  BypassReverbZones: 0
  rolloffCustomCurve:
    serializedVersion: 2
    m_Curve:
    - serializedVersion: 3
      time: 0
      value: 1
      inSlope: 0
      outSlope: 0
      tangentMode: 0
      weightedMode: 0
      inWeight: 0.33333334
      outWeight: 0.33333334
    - serializedVersion: 3
      time: 1
      value: 0
      inSlope: 0
      outSlope: 0
      tangentMode: 0
      weightedMode: 0
      inWeight: 0.33333334
      outWeight: 0.33333334
    m_PreInfinity: 2
    m_PostInfinity: 2
    m_RotationOrder: 4
  panLevelCustomCurve:
    serializedVersion: 2
    m_Curve:
    - serializedVersion: 3
      time: 0
      value: 0
      inSlope: 0
      outSlope: 0
      tangentMode: 0
      weightedMode: 0
      inWeight: 0.33333334
      outWeight: 0.33333334
    m_PreInfinity: 2
    m_PostInfinity: 2
    m_RotationOrder: 4
  spreadCustomCurve:
    serializedVersion: 2
    m_Curve:
    - serializedVersion: 3
      time: 0
      value: 0
      inSlope: 0
      outSlope: 0
      tangentMode: 0
      weightedMode: 0
      inWeight: 0.33333334
      outWeight: 0.33333334
    m_PreInfinity: 2
    m_PostInfinity: 2
    m_RotationOrder: 4
  reverbZoneMixCustomCurve:
    serializedVersion: 2
    m_Curve:
    - serializedVersion: 3
      time: 0
      value: 1
      inSlope: 0
      outSlope: 0
      tangentMode: 0
      weightedMode: 0
      inWeight: 0.33333334
      outWeight: 0.33333334
    m_PreInfinity: 2
    m_PostInfinity: 2
    m_RotationOrder: 4
--- !u!1001 &4585795931424172380
PrefabInstance:
  m_ObjectHideFlags: 0
  serializedVersion: 2
  m_Modification:
    m_TransformParent: {fileID: 5120431727176069965}
    m_Modifications:
    - target: {fileID: 7878965337976802467, guid: 31c8fe9194e87ae4bab1f39b940301d7, type: 3}
      propertyPath: m_Name
      value: Particle_Glitter
      objectReference: {fileID: 0}
    - target: {fileID: 7878965337976802478, guid: 31c8fe9194e87ae4bab1f39b940301d7, type: 3}
      propertyPath: m_RootOrder
      value: 0
      objectReference: {fileID: 0}
    - target: {fileID: 7878965337976802478, guid: 31c8fe9194e87ae4bab1f39b940301d7, type: 3}
      propertyPath: m_LocalScale.x
      value: 0.16209126
      objectReference: {fileID: 0}
    - target: {fileID: 7878965337976802478, guid: 31c8fe9194e87ae4bab1f39b940301d7, type: 3}
      propertyPath: m_LocalScale.y
      value: 0.18034272
      objectReference: {fileID: 0}
    - target: {fileID: 7878965337976802478, guid: 31c8fe9194e87ae4bab1f39b940301d7, type: 3}
      propertyPath: m_LocalScale.z
      value: 0.16209126
      objectReference: {fileID: 0}
    - target: {fileID: 7878965337976802478, guid: 31c8fe9194e87ae4bab1f39b940301d7, type: 3}
      propertyPath: m_LocalPosition.x
      value: -0.074
      objectReference: {fileID: 0}
    - target: {fileID: 7878965337976802478, guid: 31c8fe9194e87ae4bab1f39b940301d7, type: 3}
      propertyPath: m_LocalPosition.y
      value: -0.264
      objectReference: {fileID: 0}
    - target: {fileID: 7878965337976802478, guid: 31c8fe9194e87ae4bab1f39b940301d7, type: 3}
      propertyPath: m_LocalPosition.z
      value: 0
      objectReference: {fileID: 0}
    - target: {fileID: 7878965337976802478, guid: 31c8fe9194e87ae4bab1f39b940301d7, type: 3}
      propertyPath: m_LocalRotation.w
      value: 0.70359266
      objectReference: {fileID: 0}
    - target: {fileID: 7878965337976802478, guid: 31c8fe9194e87ae4bab1f39b940301d7, type: 3}
      propertyPath: m_LocalRotation.x
      value: -0
      objectReference: {fileID: 0}
    - target: {fileID: 7878965337976802478, guid: 31c8fe9194e87ae4bab1f39b940301d7, type: 3}
      propertyPath: m_LocalRotation.y
      value: -0
      objectReference: {fileID: 0}
    - target: {fileID: 7878965337976802478, guid: 31c8fe9194e87ae4bab1f39b940301d7, type: 3}
      propertyPath: m_LocalRotation.z
      value: 0.7106035
      objectReference: {fileID: 0}
    - target: {fileID: 7878965337976802478, guid: 31c8fe9194e87ae4bab1f39b940301d7, type: 3}
      propertyPath: m_LocalEulerAnglesHint.x
      value: 0
      objectReference: {fileID: 0}
    - target: {fileID: 7878965337976802478, guid: 31c8fe9194e87ae4bab1f39b940301d7, type: 3}
      propertyPath: m_LocalEulerAnglesHint.y
      value: 0
      objectReference: {fileID: 0}
    - target: {fileID: 7878965337976802478, guid: 31c8fe9194e87ae4bab1f39b940301d7, type: 3}
      propertyPath: m_LocalEulerAnglesHint.z
      value: 90.568
      objectReference: {fileID: 0}
    m_RemovedComponents: []
  m_SourcePrefab: {fileID: 100100000, guid: 31c8fe9194e87ae4bab1f39b940301d7, type: 3}
--- !u!4 &5977314784473851378 stripped
Transform:
  m_CorrespondingSourceObject: {fileID: 7878965337976802478, guid: 31c8fe9194e87ae4bab1f39b940301d7, type: 3}
  m_PrefabInstance: {fileID: 4585795931424172380}
  m_PrefabAsset: {fileID: 0}
