%YAML 1.1
%TAG !u! tag:unity3d.com,2011:
--- !u!1 &4787543429191899733
GameObject:
  m_ObjectHideFlags: 0
  m_CorrespondingSourceObject: {fileID: 0}
  m_PrefabInstance: {fileID: 0}
  m_PrefabAsset: {fileID: 0}
  serializedVersion: 6
  m_Component:
  - component: {fileID: 4787543429191899732}
  - component: {fileID: 4787543429191899819}
  m_Layer: 0
  m_Name: CloudsSpawner
  m_TagString: Untagged
  m_Icon: {fileID: 7174288486110832750, guid: 0000000000000000d000000000000000, type: 0}
  m_NavMeshLayer: 0
  m_StaticEditorFlags: 0
  m_IsActive: 1
--- !u!4 &4787543429191899732
Transform:
  m_ObjectHideFlags: 0
  m_CorrespondingSourceObject: {fileID: 0}
  m_PrefabInstance: {fileID: 0}
  m_PrefabAsset: {fileID: 0}
  m_GameObject: {fileID: 4787543429191899733}
  m_LocalRotation: {x: -0, y: -0, z: -0, w: 1}
  m_LocalPosition: {x: 2.1099968, y: 11.48, z: 5.8771763}
  m_LocalScale: {x: 1, y: 1, z: 1}
  m_Children: []
  m_Father: {fileID: 4787543430537798967}
  m_RootOrder: 2
  m_LocalEulerAnglesHint: {x: 0, y: 0, z: 0}
--- !u!114 &4787543429191899819
MonoBehaviour:
  m_ObjectHideFlags: 0
  m_CorrespondingSourceObject: {fileID: 0}
  m_PrefabInstance: {fileID: 0}
  m_PrefabAsset: {fileID: 0}
  m_GameObject: {fileID: 4787543429191899733}
  m_Enabled: 1
  m_EditorHideFlags: 0
  m_Script: {fileID: 11500000, guid: bd0e8150792ddac49911288f7a34f709, type: 3}
  m_Name: 
  m_EditorClassIdentifier: 
  spawns:
  - spawnObject: {fileID: 383421714187076586, guid: 34d45645d997a464c84828d1d541ceff, type: 3}
    minProbabillityRange: 0
    maxProbabillityRange: 15
  - spawnObject: {fileID: 8398431650931766573, guid: 5fe2661c7579bae4397ff596228f16c8, type: 3}
    minProbabillityRange: 16
    maxProbabillityRange: 30
  - spawnObject: {fileID: 8957688947026690434, guid: 9a86d938a563df14e95ffcc7fe03eb70, type: 3}
    minProbabillityRange: 31
    maxProbabillityRange: 45
  - spawnObject: {fileID: 1032768719873476398, guid: 10f0d132f2de5254d9532f12c066b07c, type: 3}
    minProbabillityRange: 46
    maxProbabillityRange: 60
  - spawnObject: {fileID: 8555363860230079358, guid: f3bf18ec3230b3144a03b31a34f2552a, type: 3}
    minProbabillityRange: 61
    maxProbabillityRange: 75
  SpawnTimer: 4
  container: {fileID: 0}
  rotationZ: 0
--- !u!1 &4787543429605654649
GameObject:
  m_ObjectHideFlags: 0
  m_CorrespondingSourceObject: {fileID: 0}
  m_PrefabInstance: {fileID: 0}
  m_PrefabAsset: {fileID: 0}
  serializedVersion: 6
  m_Component:
  - component: {fileID: 4787543429605654648}
  - component: {fileID: 4787543429605654655}
  m_Layer: 0
  m_Name: CloudsSpawner
  m_TagString: Untagged
  m_Icon: {fileID: 7174288486110832750, guid: 0000000000000000d000000000000000, type: 0}
  m_NavMeshLayer: 0
  m_StaticEditorFlags: 0
  m_IsActive: 1
--- !u!4 &4787543429605654648
Transform:
  m_ObjectHideFlags: 0
  m_CorrespondingSourceObject: {fileID: 0}
  m_PrefabInstance: {fileID: 0}
  m_PrefabAsset: {fileID: 0}
  m_GameObject: {fileID: 4787543429605654649}
  m_LocalRotation: {x: -0, y: -0, z: -0, w: 1}
  m_LocalPosition: {x: -1.1700096, y: 6.41, z: 5.8771763}
  m_LocalScale: {x: 1, y: 1, z: 1}
  m_Children: []
  m_Father: {fileID: 4787543430537798967}
  m_RootOrder: 5
  m_LocalEulerAnglesHint: {x: 0, y: 0, z: 0}
--- !u!114 &4787543429605654655
MonoBehaviour:
  m_ObjectHideFlags: 0
  m_CorrespondingSourceObject: {fileID: 0}
  m_PrefabInstance: {fileID: 0}
  m_PrefabAsset: {fileID: 0}
  m_GameObject: {fileID: 4787543429605654649}
  m_Enabled: 1
  m_EditorHideFlags: 0
  m_Script: {fileID: 11500000, guid: bd0e8150792ddac49911288f7a34f709, type: 3}
  m_Name: 
  m_EditorClassIdentifier: 
  spawns:
  - spawnObject: {fileID: 383421714187076586, guid: 34d45645d997a464c84828d1d541ceff, type: 3}
    minProbabillityRange: 0
    maxProbabillityRange: 15
  - spawnObject: {fileID: 8398431650931766573, guid: 5fe2661c7579bae4397ff596228f16c8, type: 3}
    minProbabillityRange: 16
    maxProbabillityRange: 30
  - spawnObject: {fileID: 8957688947026690434, guid: 9a86d938a563df14e95ffcc7fe03eb70, type: 3}
    minProbabillityRange: 31
    maxProbabillityRange: 45
  - spawnObject: {fileID: 1032768719873476398, guid: 10f0d132f2de5254d9532f12c066b07c, type: 3}
    minProbabillityRange: 46
    maxProbabillityRange: 60
  - spawnObject: {fileID: 8555363860230079358, guid: f3bf18ec3230b3144a03b31a34f2552a, type: 3}
    minProbabillityRange: 61
    maxProbabillityRange: 75
  SpawnTimer: 4
  container: {fileID: 0}
  rotationZ: 0
--- !u!1 &4787543429772626361
GameObject:
  m_ObjectHideFlags: 0
  m_CorrespondingSourceObject: {fileID: 0}
  m_PrefabInstance: {fileID: 0}
  m_PrefabAsset: {fileID: 0}
  serializedVersion: 6
  m_Component:
  - component: {fileID: 4787543429772626360}
  - component: {fileID: 4787543429772626367}
  m_Layer: 0
  m_Name: CloudsSpawner
  m_TagString: Untagged
  m_Icon: {fileID: 7174288486110832750, guid: 0000000000000000d000000000000000, type: 0}
  m_NavMeshLayer: 0
  m_StaticEditorFlags: 0
  m_IsActive: 1
--- !u!4 &4787543429772626360
Transform:
  m_ObjectHideFlags: 0
  m_CorrespondingSourceObject: {fileID: 0}
  m_PrefabInstance: {fileID: 0}
  m_PrefabAsset: {fileID: 0}
  m_GameObject: {fileID: 4787543429772626361}
  m_LocalRotation: {x: -0, y: -0, z: -0, w: 1}
  m_LocalPosition: {x: -5.7900047, y: 10.09, z: 5.8771763}
  m_LocalScale: {x: 1, y: 1, z: 1}
  m_Children: []
  m_Father: {fileID: 4787543430537798967}
  m_RootOrder: 3
  m_LocalEulerAnglesHint: {x: 0, y: 0, z: 0}
--- !u!114 &4787543429772626367
MonoBehaviour:
  m_ObjectHideFlags: 0
  m_CorrespondingSourceObject: {fileID: 0}
  m_PrefabInstance: {fileID: 0}
  m_PrefabAsset: {fileID: 0}
  m_GameObject: {fileID: 4787543429772626361}
  m_Enabled: 1
  m_EditorHideFlags: 0
  m_Script: {fileID: 11500000, guid: bd0e8150792ddac49911288f7a34f709, type: 3}
  m_Name: 
  m_EditorClassIdentifier: 
  spawns:
  - spawnObject: {fileID: 383421714187076586, guid: 34d45645d997a464c84828d1d541ceff, type: 3}
    minProbabillityRange: 0
    maxProbabillityRange: 15
  - spawnObject: {fileID: 8398431650931766573, guid: 5fe2661c7579bae4397ff596228f16c8, type: 3}
    minProbabillityRange: 16
    maxProbabillityRange: 30
  - spawnObject: {fileID: 8957688947026690434, guid: 9a86d938a563df14e95ffcc7fe03eb70, type: 3}
    minProbabillityRange: 31
    maxProbabillityRange: 45
  - spawnObject: {fileID: 1032768719873476398, guid: 10f0d132f2de5254d9532f12c066b07c, type: 3}
    minProbabillityRange: 46
    maxProbabillityRange: 60
  - spawnObject: {fileID: 8555363860230079358, guid: f3bf18ec3230b3144a03b31a34f2552a, type: 3}
    minProbabillityRange: 61
    maxProbabillityRange: 75
  SpawnTimer: 4
  container: {fileID: 0}
  rotationZ: 0
--- !u!1 &4787543430237577541
GameObject:
  m_ObjectHideFlags: 0
  m_CorrespondingSourceObject: {fileID: 0}
  m_PrefabInstance: {fileID: 0}
  m_PrefabAsset: {fileID: 0}
  serializedVersion: 6
  m_Component:
  - component: {fileID: 4787543430237577540}
  - component: {fileID: 4787543430237577563}
  m_Layer: 0
  m_Name: CloudsSpawner
  m_TagString: Untagged
  m_Icon: {fileID: 7174288486110832750, guid: 0000000000000000d000000000000000, type: 0}
  m_NavMeshLayer: 0
  m_StaticEditorFlags: 0
  m_IsActive: 1
--- !u!4 &4787543430237577540
Transform:
  m_ObjectHideFlags: 0
  m_CorrespondingSourceObject: {fileID: 0}
  m_PrefabInstance: {fileID: 0}
  m_PrefabAsset: {fileID: 0}
  m_GameObject: {fileID: 4787543430237577541}
  m_LocalRotation: {x: -0, y: -0, z: -0, w: 1}
  m_LocalPosition: {x: -16.7, y: 12.58, z: 5.8771763}
  m_LocalScale: {x: 1, y: 1, z: 1}
  m_Children: []
  m_Father: {fileID: 4787543430537798967}
  m_RootOrder: 0
  m_LocalEulerAnglesHint: {x: 0, y: 0, z: 0}
--- !u!114 &4787543430237577563
MonoBehaviour:
  m_ObjectHideFlags: 0
  m_CorrespondingSourceObject: {fileID: 0}
  m_PrefabInstance: {fileID: 0}
  m_PrefabAsset: {fileID: 0}
  m_GameObject: {fileID: 4787543430237577541}
  m_Enabled: 1
  m_EditorHideFlags: 0
  m_Script: {fileID: 11500000, guid: bd0e8150792ddac49911288f7a34f709, type: 3}
  m_Name: 
  m_EditorClassIdentifier: 
  spawns:
  - spawnObject: {fileID: 383421714187076586, guid: 34d45645d997a464c84828d1d541ceff, type: 3}
    minProbabillityRange: 0
    maxProbabillityRange: 15
  - spawnObject: {fileID: 8398431650931766573, guid: 5fe2661c7579bae4397ff596228f16c8, type: 3}
    minProbabillityRange: 16
    maxProbabillityRange: 30
  - spawnObject: {fileID: 8957688947026690434, guid: 9a86d938a563df14e95ffcc7fe03eb70, type: 3}
    minProbabillityRange: 31
    maxProbabillityRange: 45
  - spawnObject: {fileID: 1032768719873476398, guid: 10f0d132f2de5254d9532f12c066b07c, type: 3}
    minProbabillityRange: 46
    maxProbabillityRange: 60
  - spawnObject: {fileID: 8555363860230079358, guid: f3bf18ec3230b3144a03b31a34f2552a, type: 3}
    minProbabillityRange: 61
    maxProbabillityRange: 75
  SpawnTimer: 4
  container: {fileID: 0}
  rotationZ: 0
--- !u!1 &4787543430290680989
GameObject:
  m_ObjectHideFlags: 0
  m_CorrespondingSourceObject: {fileID: 0}
  m_PrefabInstance: {fileID: 0}
  m_PrefabAsset: {fileID: 0}
  serializedVersion: 6
  m_Component:
  - component: {fileID: 4787543430290680988}
  - component: {fileID: 4787543430290680979}
  m_Layer: 0
  m_Name: CloudsSpawner
  m_TagString: Untagged
  m_Icon: {fileID: 7174288486110832750, guid: 0000000000000000d000000000000000, type: 0}
  m_NavMeshLayer: 0
  m_StaticEditorFlags: 0
  m_IsActive: 1
--- !u!4 &4787543430290680988
Transform:
  m_ObjectHideFlags: 0
  m_CorrespondingSourceObject: {fileID: 0}
  m_PrefabInstance: {fileID: 0}
  m_PrefabAsset: {fileID: 0}
  m_GameObject: {fileID: 4787543430290680989}
  m_LocalRotation: {x: -0, y: -0, z: -0, w: 1}
  m_LocalPosition: {x: -13.750004, y: 4.34, z: 5.8771763}
  m_LocalScale: {x: 1, y: 1, z: 1}
  m_Children: []
  m_Father: {fileID: 4787543430537798967}
  m_RootOrder: 4
  m_LocalEulerAnglesHint: {x: 0, y: 0, z: 0}
--- !u!114 &4787543430290680979
MonoBehaviour:
  m_ObjectHideFlags: 0
  m_CorrespondingSourceObject: {fileID: 0}
  m_PrefabInstance: {fileID: 0}
  m_PrefabAsset: {fileID: 0}
  m_GameObject: {fileID: 4787543430290680989}
  m_Enabled: 1
  m_EditorHideFlags: 0
  m_Script: {fileID: 11500000, guid: bd0e8150792ddac49911288f7a34f709, type: 3}
  m_Name: 
  m_EditorClassIdentifier: 
  spawns:
  - spawnObject: {fileID: 383421714187076586, guid: 34d45645d997a464c84828d1d541ceff, type: 3}
    minProbabillityRange: 0
    maxProbabillityRange: 15
  - spawnObject: {fileID: 8398431650931766573, guid: 5fe2661c7579bae4397ff596228f16c8, type: 3}
    minProbabillityRange: 16
    maxProbabillityRange: 30
  - spawnObject: {fileID: 8957688947026690434, guid: 9a86d938a563df14e95ffcc7fe03eb70, type: 3}
    minProbabillityRange: 31
    maxProbabillityRange: 45
  - spawnObject: {fileID: 1032768719873476398, guid: 10f0d132f2de5254d9532f12c066b07c, type: 3}
    minProbabillityRange: 46
    maxProbabillityRange: 60
  - spawnObject: {fileID: 8555363860230079358, guid: f3bf18ec3230b3144a03b31a34f2552a, type: 3}
    minProbabillityRange: 61
    maxProbabillityRange: 75
  SpawnTimer: 4
  container: {fileID: 0}
  rotationZ: 0
--- !u!1 &4787543430537798960
GameObject:
  m_ObjectHideFlags: 0
  m_CorrespondingSourceObject: {fileID: 0}
  m_PrefabInstance: {fileID: 0}
  m_PrefabAsset: {fileID: 0}
  serializedVersion: 6
  m_Component:
  - component: {fileID: 4787543430537798967}
  m_Layer: 0
  m_Name: CloudsSpawner
  m_TagString: Untagged
  m_Icon: {fileID: 0}
  m_NavMeshLayer: 0
  m_StaticEditorFlags: 0
  m_IsActive: 1
--- !u!4 &4787543430537798967
Transform:
  m_ObjectHideFlags: 0
  m_CorrespondingSourceObject: {fileID: 0}
  m_PrefabInstance: {fileID: 0}
  m_PrefabAsset: {fileID: 0}
  m_GameObject: {fileID: 4787543430537798960}
  m_LocalRotation: {x: 0, y: 0, z: 0, w: 1}
  m_LocalPosition: {x: 48.241135, y: -4.0413113, z: -5.8771763}
  m_LocalScale: {x: 1, y: 1, z: 1}
  m_Children:
  - {fileID: 4787543430237577540}
  - {fileID: 4787543430720634881}
  - {fileID: 4787543429191899732}
  - {fileID: 4787543429772626360}
  - {fileID: 4787543430290680988}
  - {fileID: 4787543429605654648}
  m_Father: {fileID: 0}
  m_RootOrder: 0
  m_LocalEulerAnglesHint: {x: 0, y: 0, z: 0}
--- !u!1 &4787543430720634882
GameObject:
  m_ObjectHideFlags: 0
  m_CorrespondingSourceObject: {fileID: 0}
  m_PrefabInstance: {fileID: 0}
  m_PrefabAsset: {fileID: 0}
  serializedVersion: 6
  m_Component:
  - component: {fileID: 4787543430720634881}
  - component: {fileID: 4787543430720634880}
  m_Layer: 0
  m_Name: CloudsSpawner
  m_TagString: Untagged
  m_Icon: {fileID: 7174288486110832750, guid: 0000000000000000d000000000000000, type: 0}
  m_NavMeshLayer: 0
  m_StaticEditorFlags: 0
  m_IsActive: 1
--- !u!4 &4787543430720634881
Transform:
  m_ObjectHideFlags: 0
  m_CorrespondingSourceObject: {fileID: 0}
  m_PrefabInstance: {fileID: 0}
  m_PrefabAsset: {fileID: 0}
  m_GameObject: {fileID: 4787543430720634882}
  m_LocalRotation: {x: -0, y: -0, z: -0, w: 1}
  m_LocalPosition: {x: -9.769993, y: 7.7699995, z: 5.8771763}
  m_LocalScale: {x: 1, y: 1, z: 1}
  m_Children: []
  m_Father: {fileID: 4787543430537798967}
  m_RootOrder: 1
  m_LocalEulerAnglesHint: {x: 0, y: 0, z: 0}
--- !u!114 &4787543430720634880
MonoBehaviour:
  m_ObjectHideFlags: 0
  m_CorrespondingSourceObject: {fileID: 0}
  m_PrefabInstance: {fileID: 0}
  m_PrefabAsset: {fileID: 0}
  m_GameObject: {fileID: 4787543430720634882}
  m_Enabled: 1
  m_EditorHideFlags: 0
  m_Script: {fileID: 11500000, guid: bd0e8150792ddac49911288f7a34f709, type: 3}
  m_Name: 
  m_EditorClassIdentifier: 
  spawns:
  - spawnObject: {fileID: 383421714187076586, guid: 34d45645d997a464c84828d1d541ceff, type: 3}
    minProbabillityRange: 0
    maxProbabillityRange: 15
  - spawnObject: {fileID: 8398431650931766573, guid: 5fe2661c7579bae4397ff596228f16c8, type: 3}
    minProbabillityRange: 16
    maxProbabillityRange: 30
  - spawnObject: {fileID: 8957688947026690434, guid: 9a86d938a563df14e95ffcc7fe03eb70, type: 3}
    minProbabillityRange: 31
    maxProbabillityRange: 45
  - spawnObject: {fileID: 1032768719873476398, guid: 10f0d132f2de5254d9532f12c066b07c, type: 3}
    minProbabillityRange: 46
    maxProbabillityRange: 60
  - spawnObject: {fileID: 8555363860230079358, guid: f3bf18ec3230b3144a03b31a34f2552a, type: 3}
    minProbabillityRange: 61
    maxProbabillityRange: 75
  SpawnTimer: 4
  container: {fileID: 0}
  rotationZ: 0
